<?xml version="1.0" encoding="UTF-8"?><collection xmlns="http://www.loc.gov/MARC21/slim"><record><leader>00345nam--2200133-i-4500</leader><controlfield tag="001">000020739</controlfield><controlfield tag="002">20161230</controlfield><controlfield tag="005">20161230201033</controlfield><controlfield tag="008">060222s1000------------r-----000-0-eng-d</controlfield><datafield ind1=" " ind2=" " tag="080"><subfield code="a">51(075)</subfield></datafield><datafield ind1=" " ind2=" " tag="100"><subfield code="a">Kopein, T.A. Si Malinov, M.P</subfield></datafield><datafield ind1=" " ind2=" " tag="245"><subfield code="a">Posobie po matematike dlia postupaiuscih v texnikumi</subfield></datafield><datafield ind1=" " ind2=" " tag="260"><subfield code="a">Moskva, 1975. 287 P</subfield></datafield><datafield ind1=" " ind2=" " tag="852"><subfield code="a">80653</subfield></datafield></record></collection>